@misc{TUG2017,
    author = {TUG},
    title = {{TeX Live}},
    url = {https://www.tug.org/texlive/},
    year = {2017}
}

